

@inproceedings{poomcokrak2008red,
  title={Red blood cells extraction and counting},
  author={Poomcokrak, Jutarat and Neatpisarnvanit, Chatchai},
  booktitle={The 3rd international symposium on biomedical engineering},
  pages={199--203},
  year={2008}
}


@article{maitra2012detection,
  title={Detection and counting of red blood cells in blood cell images using Hough transform},
  author={Maitra, Mausumi and Gupta, Rahul Kumar and Mukherjee, Manali},
  journal={International journal of computer applications},
  volume={53},
  number={16},
  year={2012},
  publisher={Foundation of Computer Science}
}

@article{soltanzadeh2012extraction,
  title={Extraction of nucleolus candidate zone in white blood cells of peripheral blood smear images using curvelet transform},
  author={Soltanzadeh, Ramin and Rabbani, Hossein and Talebi, Ardeshir and others},
  journal={Computational and mathematical methods in medicine},
  volume={2012},
  year={2012},
  publisher={Hindawi}
}

@article{putzu2013white,
  title={White blood cells identification and counting from microscopic blood images},
  author={Putzu, Lorenzo and Di Ruberto, Cecilia and others},
  journal={World Academy of Science, Engineering and Technology},
  volume={73},
  pages={363--370},
  year={2013},
  publisher={ACM}
}

@article{alomari2014automatic,
  title={Automatic detection and quantification of WBCs and RBCs using iterative structured circle detection algorithm},
  author={Alomari, Yazan M and Sheikh Abdullah, Siti Norul Huda and Zaharatul Azma, Raja and Omar, Khairuddin and others},
  journal={Computational and mathematical methods in medicine},
  volume={2014},
  year={2014},
  publisher={Hindawi}
}

@inproceedings{sarrafzadeh2015circlet,
  title={Circlet based framework for red blood cells segmentation and counting},
  author={Sarrafzadeh, Omid and Dehnavi, Alireza Mehri and Rabbani, Hossein and Ghane, Narjes and Talebi, Ardeshir},
  booktitle={2015 IEEE workshop on signal processing systems (SiPS)},
  pages={1--6},
  year={2015},
  organization={IEEE}
}
