@article{poomcokrak2008red,
  title={Red Blood Cells Extraction and Counting},
  author={Poomcokrak, J. and Neatpisarnvanit, C.},
  journal={Department of Biomedical Engineering, Mahidol University, Thailand. The 3rd International Symposium on Biomedical Engineering (ISBME 2008)},
  year={2008}
}

@article{maitra2012detection,
  title={Detection and Counting of Red Blood Cells in Blood Cell Images using Hough Transform},
  author={Maitra, M. and Gupta, R. K. and Mukherjee, M.},
  journal={International Journal of Computer Applications},
  volume={53},
  number={16},
  month={September},
  year={2012}
}

@article{soltanzadeh2012extraction,
  title={Extraction of Nucleolus Candidate Zone in White Blood Cells of Peripheral Blood Smear Images Using Curvelet Transform},
  author={Soltanzadeh, R. and Rabbani, H. and Talebi, A.},
  journal={Computational and mathematical methods in medicine},
  volume={2012},
  year={2012}
}

@article{putzu2013white,
  title={White Blood Cells Identification and Counting from Microscopic Blood Image},
  author={Putzu, L. and Di Rubert, C.},
  journal={World Academy of Science, Engineering and Technology},
  volume={73},
  year={2013}
}

@article{alomari2014automatic,
  title={Automatic Detection and Quantification of WBCs and RBCs Using Iterative Structured Circle Detection Algorithm},
  author={Alomari, Y. M. and Abdullah, S. N. H. S. and Zaharatul Azma, R. and Omar, K.},
  note={Published online. Cited by other articles.}
}

@article{sarrafzadeh2015circlet,
  title={Circlet Based Framework for Red Blood Cells Segmentation and Counting},
  author={Sarrafzadeh, O. and Dehnavi, A. M. and Rabbani, H. and Ghane, N. and Talebi, A.},
  institution={Department of Biomedical Engineering, Faculty of Advanced Medical Technology, Isfahan University of Medical Sciences, Isfahan, Iran},
  year={2015}
}

@article{bochkovskiy2020yolov4,
  title={YOLOv4: Optimal speed and accuracy of object detection},
  author={Bochkovskiy, Alexey and Wang, Chien-Yao and Liao, Hong-Yuan Mark},
  journal={arXiv preprint arXiv:2004.10934},
  year={2020}
}

@misc{bccd2020,
  title={Blood Cell Count Dataset},
  author={{GitHub, Inc.}},
  howpublished={\url{https://github.com/Shenggan/BCCD_Dataset}},
  year={2020}
}


@inproceedings{girshick2014rich,
  title={Rich feature hierarchies for accurate object detection and semantic segmentation},
  author={Girshick, Ross and Donahue, Jeff and Darrell, Trevor and Malik, Jitendra},
  booktitle={Proceedings of the IEEE conference on computer vision and pattern recognition},
  pages={580--587},
  year={2014}
}

@inproceedings{girshick2015fast,
  title={Fast R-CNN},
  author={Girshick, Ross},
  booktitle={Proceedings of the IEEE International Conference on Computer Vision},
  pages={1440--1448},
  year={2015}
}

@inproceedings{ren2015faster,
  title={Faster R-CNN: Towards real-time object detection with region proposal networks},
  author={Ren, Shaoqing and He, Kaiming and Girshick, Ross and Sun, Jian},
  booktitle={Advances in Neural Information Processing Systems},
  volume={28},
  pages={1440--1448},
  year={2015}
}

@inproceedings{tan2020efficientdet,
  title={EfficientDet: Scalable and efficient object detection},
  author={Tan, Mingxing and Pang, Ruoming and Le, Quoc V},
  booktitle={Proceedings of the IEEE/CVF conference on computer vision and pattern recognition},
  pages={10781--10790},
  year={2020}
}

@inproceedings{redmon2016you,
  title={You only look once: Unified, real-time object detection},
  author={Redmon, Joseph and Divvala, Santosh and Girshick, Ross and Farhadi, Ali},
  booktitle={Proceedings of the IEEE Conference on Computer Vision and Pattern Recognition},
  pages={779--788},
  year={2016}
}

@inproceedings{redmon2017yolo9000,
  title={YOLO9000: Better, faster, stronger},
  author={Redmon, Joseph and Farhadi, Ali},
  booktitle={Proceedings of the IEEE Conference on Computer Vision and Pattern Recognition},
  pages={7263--7271},
  year={2017}
}

@article{redmon2018yolov3,
  title={YOLOv3: An incremental improvement},
  author={Redmon, Joseph and Farhadi, Ali},
  journal={arXiv preprint arXiv:1804.02767},
  year={2018}
}

@article{terven2023comprehensive,
  title={A comprehensive review of YOLO architectures in computer vision: From YOLOv1 to YOLOv8 and YOLO-NAS},
  author={Terven, Juan and Córdova-Esparza, David Martínez and Romero-González, Jorge Alberto},
  journal={Machine Learning and Knowledge Extraction},
  volume={5},
  number={4},
  pages={1680--1716},
  year={2023}
}
